@article{klose2013mechanical,
  title={Mechanical and statistical evidence of the causality of human-made mass shifts on the Earth’s upper crust and the occurrence of earthquakes},
  author={Klose, Christian D},
  journal={Journal of Seismology},
  volume={17},
  number={1},
  pages={109--135},
  year={2013},
  publisher={Springer}
}
@ARTICLE{Figueredo:2009dg,
	author = {Figueredo, A.~J. and Wolf, P. S.~A.},
	title = {Assortative pairing and life history strategy -- a cross-cultural study},
	journal = {Human Nature},
	volume = {20},
	pages = {317-330},
	year = {2009},
	doi={https://doi.org/10.1007/s12110-009-9068-2}
}

@MISC{Hao:gidmaps:2014,
	author = {Hao, Z. and AghaKouchak, A. and Nakhjiri, N. and Farahmand, A},
	year = {2014},
	title = {Global integrated drought monitoring and prediction system ({GIDMaPS}) data sets},
	howpublished = {\emph{figshare} \url{http://dx.doi.org/10.6084/m9.figshare.853801}}
}
@article{ingebritsen2010permeability,
	author = {Ingebritsen, Steven E and Manning, C E},
	journal = {Geofluids},
	mendeley-groups = {博士论文,tmp},
	number = {1-2},
	pages = {193--205},
	publisher = {Wiley Online Library},
	title = {{Permeability of the continental crust: Dynamic variations inferred from seismicity and metamorphism}},
	volume = {10},
	year = {2010}
}
@article{manning1999permeability,
	author = {Manning, C E and Ingebritsen, S E},
	journal = {Reviews of Geophysics},
	mendeley-groups = {博士论文,tmp},
	number = {1},
	pages = {127--150},
	publisher = {Wiley Online Library},
	title = {{Permeability of the continental crust: Implications of geothermal data and metamorphic systems}},
	volume = {37},
	year = {1999}
}
@article{weis2012porphyry,
	author = {Weis, P and Driesner, T and Heinrich, C A},
	journal = {Science},
	mendeley-groups = {博士论文,tmp},
	number = {6114},
	pages = {1613--1616},
	publisher = {American Association for the Advancement of Science},
	title = {{Porphyry-copper ore shells form at stable pressure-temperature fronts within dynamic fluid plumes}},
	volume = {338},
	year = {2012}
}
@article{Abbott1997,
	annote = {small, eric/B-4939-2011; Small, eric/K-6007-2015; Galewsky, Joseph/; Small, ERIC/
	Galewsky, Joseph/0000-0001-8236-6839; Small, ERIC/0000-0002-5010-4954},
	author = {Abbott, L D and Silver, E A and Anderson, R S and Smith, R and Ingle, J C and Kling, S A and Haig, D and Small, E and Galewsky, J and Sliter, W},
	doi = {10.1038/385501a0},
	isbn = {0028-0836},
	journal = {Nature},
	mendeley-groups = {tmp},
	number = {6616},
	pages = {501--507},
	title = {{Measurement of tectonic surface uplift rate in a young collisional mountain belt}},
	volume = {385},
	year = {1997}
}
@article{Aranovich1999,
	annote = {aranovich, leonid/P-6790-2015; aranovich, leonid/V-2390-2019},
	author = {Aranovich, L Y and Newton, R C},
	isbn = {0003-004X},
	journal = {American Mineralogist},
	mendeley-groups = {tmp},
	number = {9},
	pages = {1319--1332},
	title = {{Experimental determination of CO2-H2O activity-composition relations at 600-1000 degrees C and 6-14 kbar by reversed decarbonation and dehydration reactions}},
	volume = {84},
	year = {1999}
}
@article{Austrheim1987,
	author = {Austrheim, H},
	doi = {10.1016/0012-821x(87)90158-0},
	isbn = {0012-821X},
	journal = {EARTH AND PLANETARY SCIENCE LETTERS},
	mendeley-groups = {tmp},
	number = {2-3},
	pages = {221--232},
	title = {{ECLOGITIZATION OF LOWER CRUSTAL GRANULITES BY FLUID MIGRATION THROUGH SHEAR ZONES}},
	volume = {81},
	year = {1987}
}
@article{Baxter2002,
	annote = {1
	Baxter, Ethan/B-5606-2013; Baxter, Ethan/
	Baxter, Ethan/0000-0002-0077-2284
	2041-479x},
	author = {Baxter, E F and Ague, J J and Depaolo, D J},
	doi = {10.1144/0016-76901013},
	isbn = {0016-7649},
	journal = {Journal of the Geological Society},
	mendeley-groups = {tmp},
	pages = {71--82},
	title = {{Prograde temperature-time evolution in the Barrovian type-locality constrained by Sm/Nd garnet ages from Glen Clova, Scotland}},
	volume = {159},
	year = {2002}
}
@article{Baxter2000,
	annote = {Baxter, Ethan/B-5606-2013; Baxter, Ethan/
	Baxter, Ethan/0000-0002-0077-2284},
	author = {Baxter, E F and DePaolo, D J},
	doi = {10.1126/science.288.5470.1411},
	isbn = {0036-8075},
	journal = {Science},
	mendeley-groups = {tmp},
	number = {5470},
	pages = {1411--1414},
	title = {{Field measurement of slow metamorphic reaction rates at temperatures of 500 degrees to 600 degrees C}},
	volume = {288},
	year = {2000}
}
@article{Beinlich2019,
	annote = {Barker, Shaun L/I-5602-2017; Beinlich, Andreas/
	Barker, Shaun L/0000-0002-4383-8861; Beinlich, Andreas/0000-0003-0987-0558
	1554-0774},
	author = {Beinlich, Andreas and Barker, Shaun L L and Dipple, Gregory M and Hansen, Lyle D and Megaw, Peter K M},
	doi = {10.5382/econgeo.2019.4635},
	isbn = {0361-0128},
	journal = {Economic Geology},
	mendeley-groups = {tmp},
	number = {2},
	pages = {375--396},
	title = {{Large-Scale Stable Isotope Alteration Around the Hydrothermal Carbonate-Replacement Cinco de Mayo Zn-Ag Deposit, Mexico}},
	volume = {114},
	year = {2019}
}
@article{Beinlich2012,
	annote = {Plumper, Oliver/B-6716-2013; Hovelmann, Jorn/N-6334-2014; Jamtveit, Bjorn/; Plumper, Oliver/; Beinlich, Andreas/
	Hovelmann, Jorn/0000-0002-7384-0495; Jamtveit, Bjorn/0000-0001-5700-1803; Plumper, Oliver/0000-0001-9726-0885; Beinlich, Andreas/0000-0003-0987-0558},
	author = {Beinlich, Andreas and Plumper, Oliver and Hovelmann, Jorn and Austrheim, Hakon and Jamtveit, Bjorn},
	doi = {10.1111/j.1365-3121.2012.01083.x},
	isbn = {0954-4879},
	journal = {Terra Nova},
	mendeley-groups = {tmp},
	number = {6},
	pages = {446--455},
	title = {{Massive serpentinite carbonation at Linnajavri, N-Norway}},
	volume = {24},
	year = {2012}
}
@article{Bergman1997,
	author = {Bergman, S and Sjostrom, H},
	doi = {10.1016/s0191-8141(97)00028-x},
	isbn = {0191-8141},
	journal = {Journal of Structural Geology},
	mendeley-groups = {tmp},
	number = {8},
	pages = {1073--1091},
	title = {{Accretion and lateral extension in an orogenic wedge: evidence from a segment of the Seve-Koli terrane boundary, central Scandinavian Caledonides}},
	volume = {19},
	year = {1997}
}
@article{Bickle1990,
	annote = {Bickle, Michael J/A-7316-2012},
	author = {Bickle, M and Baker, J},
	doi = {10.1016/0012-821x(90)90083-a},
	isbn = {0012-821X},
	journal = {EARTH AND PLANETARY SCIENCE LETTERS},
	mendeley-groups = {tmp},
	number = {1},
	pages = {1--13},
	title = {{MIGRATION OF REACTION AND ISOTOPIC FRONTS IN INFILTRATION ZONES - ASSESSMENTS OF FLUID FLUX IN METAMORPHIC TERRAINS}},
	volume = {98},
	year = {1990}
}
@article{Bostock2002,
	annote = {Rondenay, Stephane/B-9764-2013
	Rondenay, Stephane/0000-0003-0805-249X},
	author = {Bostock, M G and Hyndman, R D and Rondenay, S and Peacock, S M},
	doi = {10.1038/417536a},
	isbn = {0028-0836},
	journal = {Nature},
	mendeley-groups = {tmp},
	number = {6888},
	pages = {536--538},
	title = {{An inverted continental Moho and serpentinization of the forearc mantle}},
	volume = {417},
	year = {2002}
}
@article{Buchernurminen1991,
	author = {Buchernurminen, K},
	doi = {10.1016/0040-1951(91)90429-v},
	isbn = {0040-1951},
	journal = {Tectonophysics},
	mendeley-groups = {tmp},
	number = {2-4},
	pages = {173--192},
	title = {{MANTLE FRAGMENTS IN THE SCANDINAVIAN CALEDONIDES}},
	volume = {190},
	year = {1991}
}
@article{Burgmann2008,
	annote = {Tian, Kaiwen/K-5727-2018; Burgmann, Roland/
	Tian, Kaiwen/0000-0002-5099-2672; Burgmann, Roland/0000-0002-3560-044X},
	author = {Burgmann, Roland and Dresen, Georg},
	doi = {10.1146/annurev.earth.36.031207.124326},
	isbn = {0084-6597},
	journal = {Annual Review of Earth and Planetary Sciences},
	mendeley-groups = {tmp},
	pages = {531--567},
	title = {{Rheology of the lower crust and upper mantle: Evidence from rock mechanics, geodesy, and field observations}},
	volume = {36},
	year = {2008}
}
@article{Condie2015,
	annote = {Si
	Rodinia 2013: Conference on Supercontinental Cycles and Geodynamics
	May 20-24, 2013
	Moscow, RUSSIA
	Pisarevsky, Sergei/T-2882-2019; Korenaga, Jun/B-2279-2008; Korenaga, Jun/
	Korenaga, Jun/0000-0002-4785-2273
	1872-7433},
	author = {Condie, Kent and Pisarevsky, Sergei A and Korenaga, Jun and Gardoll, Steve},
	doi = {10.1016/j.precamres.2014.07.015},
	isbn = {0301-9268},
	journal = {Precambrian Research},
	mendeley-groups = {tmp},
	pages = {278--289},
	title = {{Is the rate of supercontinent assembly changing with time?}},
	volume = {259},
	year = {2015}
}
@article{Cushman1986,
	author = {Cushman, J H},
	doi = {10.1029/WR022i002p00129},
	isbn = {0043-1397},
	journal = {Water Resources Research},
	mendeley-groups = {tmp},
	number = {2},
	pages = {129--134},
	title = {{ON MEASUREMENT, SCALE, AND SCALING}},
	volume = {22},
	year = {1986}
}
@article{Dale2005,
	annote = {White, Richard/J-6721-2012
	White, Richard/0000-0002-5270-3985
	1525-1314},
	author = {Dale, J and Powell, R and White, R W and Elmer, F L and Holland, T J B},
	doi = {10.1111/j.1525-1314.2005.00609.x},
	isbn = {0263-4929},
	journal = {Journal of Metamorphic Geology},
	mendeley-groups = {tmp},
	number = {8},
	pages = {771--791},
	title = {{A thermodynamic model for Ca-Na clinoamphiboles in Na2O-CaO-FeO-MgO-Al2O3-SiO2-H2O-O for petrological calculations}},
	volume = {23},
	year = {2005}
}
@article{Demets1990,
	annote = {Argus, Donald/F-7704-2011
	1365-246x},
	author = {Demets, C and Gordon, R G and Argus, D F and Stein, S},
	doi = {10.1111/j.1365-246X.1990.tb06579.x},
	isbn = {0956-540X},
	journal = {Geophysical Journal International},
	mendeley-groups = {tmp},
	number = {2},
	pages = {425--478},
	title = {{CURRENT PLATE MOTIONS}},
	volume = {101},
	year = {1990}
}
@article{Dragovic2015,
	annote = {Caddick, Mark J/R-3765-2016; Caddick, Mark/AAF-3903-2019; Dragovic, Besim/; Baxter, Ethan/
	Caddick, Mark J/0000-0001-8795-8438; Caddick, Mark/0000-0001-8795-8438; Dragovic, Besim/0000-0003-3460-389X; Baxter, Ethan/0000-0002-0077-2284
	1385-013x},
	author = {Dragovic, Besim and Baxter, Ethan F and Caddick, Mark J},
	doi = {10.1016/j.epsl.2014.12.024},
	isbn = {0012-821X},
	journal = {EARTH AND PLANETARY SCIENCE LETTERS},
	mendeley-groups = {tmp},
	pages = {111--122},
	title = {{Pulsed dehydration and garnet growth during subduction revealed by zoned garnet geochronology and thermodynamic modeling, Sifnos, Greece}},
	volume = {413},
	year = {2015}
}
@article{Dragovic2018,
	annote = {Dragovic, Besim/0000-0003-3460-389X
	1432-0967},
	author = {Dragovic, Besim and Gatewood, Matthew P and Baxter, Ethan F and Stowell, Harold H},
	doi = {10.1007/s00410-018-1523-9},
	isbn = {0010-7999},
	journal = {Contributions to Mineralogy and Petrology},
	mendeley-groups = {tmp},
	number = {11},
	title = {{Fluid production rate during the regional metamorphism of a pelitic schist}},
	volume = {173},
	year = {2018}
}
@article{Engvik2008,
	annote = {Feldspars 2007 Session held at the Frontiers in Mineral Sciences Symposium
	Jun, 2007
	Univ Cambridge, Cambridge, ENGLAND
	Putnis, Andrew/R-6388-2019; Fitz Gerald, John/A-8320-2008; Putnis, Andrew/
	Putnis, Andrew/0000-0003-2232-9942},
	author = {Engvik, Ane K and Putnis, Andrew and Gerald, John D Fitz and Austrheim, Hakon},
	doi = {10.3749/canmin.46.6.1401},
	isbn = {0008-4476},
	journal = {Canadian Mineralogist},
	mendeley-groups = {tmp},
	pages = {1401--1415},
	title = {{ALBITIZATION OF GRANITIC ROCKS: THE MECHANISM OF REPLACEMENT OF OLIGOCLASE BY ALBITE}},
	volume = {46},
	year = {2008}
}
@article{Escartin1997,
	annote = {Escartin, Javier/B-3344-2008; ESCARTIN, Javier/A-1043-2010
	ESCARTIN, Javier/0000-0002-3416-6856},
	author = {Escartin, J and Hirth, G and Evans, B},
	doi = {10.1016/s0012-821x(97)81847-x},
	isbn = {0012-821X},
	journal = {EARTH AND PLANETARY SCIENCE LETTERS},
	mendeley-groups = {tmp},
	number = {3-4},
	pages = {181--189},
	title = {{Effects of serpentinization on the lithospheric strength and the style of normal faulting at slow-spreading ridges}},
	volume = {151},
	year = {1997}
}
@article{Garven1985,
	author = {Garven, G},
	doi = {10.2113/gsecongeo.80.2.307},
	isbn = {0361-0128},
	journal = {Economic Geology},
	mendeley-groups = {tmp},
	number = {2},
	pages = {307--324},
	title = {{THE ROLE OF REGIONAL FLUID-FLOW IN THE GENESIS OF THE PINE POINT DEPOSIT, WESTERN CANADA SEDIMENTARY BASIN}},
	volume = {80},
	year = {1985}
}
@article{Gomberg2010,
	annote = {Ghosh, Abhijit/E-3197-2010; Rubinstein, Justin/
	Ghosh, Abhijit/0000-0002-0557-2839; Rubinstein, Justin/0000-0003-1274-6785},
	author = {Gomberg, Joan and {Cascadia Working}, Grp},
	doi = {10.1130/b30287.1},
	isbn = {0016-7606},
	journal = {Geological Society of America Bulletin},
	mendeley-groups = {tmp},
	number = {7-8},
	pages = {963--978},
	title = {{Slow-slip phenomena in Cascadia from 2007 and beyond: A review}},
	volume = {122},
	year = {2010}
}
@article{Graessner2000,
	annote = {Mezger, Klaus/D-9502-2011
	Mezger, Klaus/0000-0002-2443-8539
	1525-1314},
	author = {Graessner, T and Schenk, V and Brocker, M and Mezger, K},
	isbn = {0263-4929},
	journal = {Journal of Metamorphic Geology},
	mendeley-groups = {tmp},
	number = {4},
	pages = {409--421},
	title = {{Geochronological constraints on the timing of granitoid magmatism, metamorphism and post-metamorphic cooling in the Hercynian crustal cross-section of Calabria}},
	volume = {18},
	year = {2000}
}
@article{Graham1983,
	author = {Graham, C M and Greig, K M and Sheppard, S M F and Turi, B},
	doi = {10.1144/gsjgs.140.4.0577},
	isbn = {0016-7649},
	journal = {Journal of the Geological Society},
	mendeley-groups = {tmp},
	number = {JUL},
	pages = {577--599},
	title = {{GENESIS AND MOBILITY OF THE H2O-CO2 FLUID PHASE DURING REGIONAL GREENSCHIST AND EPIDOTE AMPHIBOLITE FACIES METAMORPHISM - A PETROLOGICAL AND STABLE ISOTOPE STUDY IN THE SCOTTISH DALRADIAN}},
	volume = {140},
	year = {1983}
}
@article{Green2007,
	annote = {BERGAMINI, ALICE/AAN-2060-2020; Picchio, Maria/K-4941-2016; Incerti, Elena/I-8854-2018; Green, Eleanor C R/AAE-6939-2020
	BERGAMINI, ALICE/0000-0002-1915-8313; Picchio, Maria/0000-0002-7532-6211; Incerti, Elena/0000-0002-8769-3481; Green, Eleanor C R/0000-0001-6024-6457
	1945-3027},
	author = {Green, Eleanor and Holland, Tim and Powell, Roger},
	doi = {10.2138/am.2007.2401},
	isbn = {0003-004X},
	journal = {American Mineralogist},
	mendeley-groups = {tmp},
	number = {7},
	pages = {1181--1189},
	title = {{An order-disorder model for omphacitic pyroxenes in the system jadeite-diopside-hedenbergite-acmite, with applications to eclogitic rocks}},
	volume = {92},
	year = {2007}
}
@article{Greiling1998,
	annote = {2
	Greiling, Reinhard/AAF-2570-2020
	Greiling, Reinhard/0000-0002-4149-6132},
	author = {Greiling, R O and Garfunkel, Z and Zachrisson, E},
	doi = {10.1080/11035899801202181},
	isbn = {1103-5897},
	journal = {Gff},
	mendeley-groups = {tmp},
	pages = {181--190},
	title = {{The orogenic wedge in the central Scandinavian Caledonides: Scandian structural evolution and possible influence on the foreland basin}},
	volume = {120},
	year = {1998}
}
@article{Hanson1992,
	author = {Hanson, R B},
	doi = {10.1111/j.1525-1314.1992.tb00073.x},
	isbn = {0263-4929},
	journal = {Journal of Metamorphic Geology},
	mendeley-groups = {tmp},
	number = {1},
	pages = {87--97},
	title = {{EFFECTS OF FLUID PRODUCTION ON FLUID-FLOW DURING REGIONAL AND CONTACT-METAMORPHISM}},
	volume = {10},
	year = {1992}
}
@article{Hedenquist1994,
	annote = {Hazen, Terry C/C-1076-2012; Hedenquist, Jeffrey/; Lowenstern, Jacob/
	Hazen, Terry C/0000-0002-2536-9993; Hedenquist, Jeffrey/0000-0002-0972-9215; Lowenstern, Jacob/0000-0003-0464-7779},
	author = {Hedenquist, J W and Lowenstern, J B},
	doi = {10.1038/370519a0},
	isbn = {0028-0836},
	journal = {Nature},
	mendeley-groups = {tmp},
	number = {6490},
	pages = {519--527},
	title = {{THE ROLE OF MAGMAS IN THE FORMATION OF HYDROTHERMAL ORE-DEPOSITS}},
	volume = {370},
	year = {1994}
}
@article{Holland1998,
	annote = {1617-4011},
	author = {Holland, T and Baker, J and Powell, R},
	doi = {10.1127/ejm/10/3/0395},
	isbn = {0935-1221},
	journal = {European Journal of Mineralogy},
	mendeley-groups = {tmp},
	number = {3},
	pages = {395--406},
	title = {{Mixing properties and activity-composition relationships of chlorites in the system MgO-FeO-Al2O3-SiO2-H2O}},
	volume = {10},
	year = {1998}
}
@article{Holland1991,
	author = {Holland, T and Powell, R},
	doi = {10.1007/bf00306484},
	isbn = {0010-7999},
	journal = {Contributions to Mineralogy and Petrology},
	mendeley-groups = {tmp},
	number = {2},
	pages = {265--273},
	title = {{A COMPENSATED-REDLICH-KWONG (CORK) EQUATION FOR VOLUMES AND FUGACITIES OF CO2 AND H2O IN THE RANGE 1-BAR TO 50-KBAR AND 100-1600-DEGREES-C}},
	volume = {109},
	year = {1991}
}
@article{Holland1998a,
	annote = {VIEILLARD, Philippe/B-8544-2008
	VIEILLARD, Philippe/0000-0003-0394-7999
	1525-1314},
	author = {Holland, T J B and Powell, R},
	doi = {10.1111/j.1525-1314.1998.00140.x},
	isbn = {0263-4929},
	journal = {Journal of Metamorphic Geology},
	mendeley-groups = {tmp},
	number = {3},
	pages = {309--343},
	title = {{An internally consistent thermodynamic data set for phases of petrological interest}},
	volume = {16},
	year = {1998}
}
@article{Jamtveit2000,
	annote = {Malthe-Sorenssen, Anders/C-2015-2015; Jamtveit, Bjorn/
	Malthe-Sorenssen, Anders/0000-0001-8138-3995; Jamtveit, Bjorn/0000-0001-5700-1803},
	author = {Jamtveit, B and Austrheim, H and Malthe-Sorenssen, A},
	doi = {10.1038/35040537},
	isbn = {0028-0836},
	journal = {Nature},
	mendeley-groups = {tmp},
	number = {6808},
	pages = {75--78},
	title = {{Accelerated hydration of the Earth's deep crust induced by stress perturbations}},
	volume = {408},
	year = {2000}
}
@article{John2012,
	annote = {Podladchikov, Yury Y/J-3907-2013; Dohmen, Ralf/M-2320-2017; Magna, Tomas/B-9686-2008; Halama, Ralf/Y-6470-2019; Klemd, Reiner/U-3286-2017; Bebout, Gray/K-1290-2015; John, Timm/; , Nikolaus/
	Podladchikov, Yury Y/0000-0002-6369-7277; Dohmen, Ralf/0000-0002-5216-3747; Halama, Ralf/0000-0002-9770-6784; Bebout, Gray/0000-0002-9768-9080; John, Timm/0000-0003-0686-5585; , Nikolaus/0000-0002-3390-1118},
	author = {John, Timm and Gussone, Nikolaus and Podladchikov, Yuri Y and Bebout, Gray E and Dohmen, Ralf and Halama, Ralf and Klemd, Reiner and Magna, Tomas and Seitz, Hans-Michael},
	doi = {10.1038/ngeo1482},
	isbn = {1752-0894},
	journal = {Nature Geoscience},
	mendeley-groups = {tmp},
	number = {7},
	pages = {489--492},
	title = {{Volcanic arcs fed by rapid pulsed fluid flow through subducting slabs}},
	volume = {5},
	year = {2012}
}
@article{Katayama2012,
	annote = {Okazaki, Keishi/N-2058-2016; Tanikawa, Wataru/
	Okazaki, Keishi/0000-0001-9396-392X; Tanikawa, Wataru/0000-0002-3083-0959
	1752-0908},
	author = {Katayama, Ikuo and Terada, Tatsuya and Okazaki, Keishi and Tanikawa, Andwataru},
	doi = {10.1038/ngeo1559},
	isbn = {1752-0894},
	journal = {Nature Geoscience},
	mendeley-groups = {tmp},
	number = {10},
	pages = {731--734},
	title = {{Episodic tremor and slow slip potentially linked to permeability contrasts at the Moho}},
	volume = {5},
	year = {2012}
}
@article{Kelemen2008,
	annote = {Facility, NENIMF/B-8811-2015; Kelemen, Peter/D-6813-2013
	Kelemen, Peter/0000-0003-4757-0855},
	author = {Kelemen, Peter B and Matter, Juerg},
	doi = {10.1073/pnas.0805794105},
	isbn = {0027-8424},
	journal = {Proceedings of the National Academy of Sciences of the United States of America},
	mendeley-groups = {tmp},
	number = {45},
	pages = {17295--17300},
	title = {{In situ carbonation of peridotite for CO2 storage}},
	volume = {105},
	year = {2008}
}
@article{Klein2011,
	annote = {Garrido, Carlos J./A-6249-2008; Klein, Frieder/A-8307-2012
	Garrido, Carlos J./0000-0003-4357-3637;
	1872-6143},
	author = {Klein, Frieder and Garrido, Carlos J},
	doi = {10.1016/j.lithos.2011.07.020},
	isbn = {0024-4937},
	journal = {Lithos},
	mendeley-groups = {tmp},
	number = {3-4},
	pages = {147--160},
	title = {{Thermodynamic constraints on mineral carbonation of serpentinized peridotite}},
	volume = {126},
	year = {2011}
}
@article{Klein2013,
	annote = {Klein, Frieder/A-8307-2012
	1385-013x},
	author = {Klein, Frieder and McCollom, Thomas M},
	doi = {10.1016/j.epsl.2013.08.017},
	isbn = {0012-821X},
	journal = {EARTH AND PLANETARY SCIENCE LETTERS},
	mendeley-groups = {tmp},
	pages = {137--145},
	title = {{From serpentinization to carbonation: New insights from a CO2 injection experiment}},
	volume = {379},
	year = {2013}
}
@article{Maffione2014,
	annote = {van Hinsbergen, Douwe J.J./X-1239-2019; Morris, Antony/; Plumper, Oliver/; van Hinsbergen, Douwe/
	Morris, Antony/0000-0003-2862-7377; Plumper, Oliver/0000-0001-9726-0885; van Hinsbergen, Douwe/0000-0003-3410-0344
	1525-2027},
	author = {Maffione, Marco and Morris, Antony and Pluemper, Oliver and van Hinsbergen, Douwe J J},
	doi = {10.1002/2013gc004993},
	journal = {GEOCHEMISTRY GEOPHYSICS GEOSYSTEMS},
	mendeley-groups = {tmp},
	number = {4},
	pages = {923--944},
	title = {{Magnetic properties of variably serpentinized peridotites and their implication for the evolution of oceanic core complexes}},
	volume = {15},
	year = {2014}
}
@article{Manning1994,
	annote = {/a-1118-2009
	/0000-0002-1463-3701},
	author = {Manning, C E},
	doi = {10.1016/0016-7037(94)90214-3},
	isbn = {0016-7037},
	journal = {GEOCHIMICA ET COSMOCHIMICA ACTA},
	mendeley-groups = {tmp},
	number = {22},
	pages = {4831--4839},
	title = {{THE SOLUBILITY OF QUARTZ IN H2O IN THE LOWER CRUST AND UPPER-MANTLE}},
	volume = {58},
	year = {1994}
}
@article{Martin2008,
	annote = {Martin, William/O-5446-2015; Martin, William F./AAB-8761-2019; Martin, William/C-5680-2008
	Martin, William/0000-0003-1478-6449; Martin, William F./0000-0003-1478-6449;
	1740-1534},
	author = {Martin, William and Baross, John and Kelley, Deborah and Russell, Michael J},
	doi = {10.1038/nrmicro1991},
	isbn = {1740-1526},
	journal = {Nature Reviews Microbiology},
	mendeley-groups = {tmp},
	number = {11},
	pages = {805--814},
	title = {{Hydrothermal vents and the origin of life}},
	volume = {6},
	year = {2008}
}
@incollection{McInnes2005,
	annote = {MCINNES, BRENT/N-3049-2019; McInnes, Brent/B-7408-2013; Evans, Noreen/
	MCINNES, BRENT/0000-0002-2776-0574; Evans, Noreen/0000-0002-7615-8328
	1529-6466},
	author = {McInnes, B I A and Evans, N J},
	booktitle = {Low-Temperature Thermochronology: Techniques, Interpretations, and Applications},
	doi = {10.2138/rmg.2005.58.18},
	editor = {Reiners, P W and Ehlers, T A},
	isbn = {*************},
	mendeley-groups = {tmp},
	pages = {467--498},
	title = {{Application of thermochronology to hydrothermal ore deposits}},
	volume = {58},
	year = {2005}
}
@article{Meert2003,
	annote = {Workshop on Paleomagnetism Global Tectonics and the Rock Record
	Aug, 2000
	Ann arbor, mi
	Meert, Joseph/A-4316-2008; Meert, Joseph G/D-9633-2014
	Meert, Joseph G/0000-0003-0297-3239
	1879-3266},
	author = {Meert, J G},
	doi = {10.1016/s0040-1951(02)00629-7},
	isbn = {0040-1951},
	journal = {Tectonophysics},
	mendeley-groups = {tmp},
	number = {1-4},
	pages = {1--40},
	title = {{A synopsis of events related to the assembly of eastern Gondwana}},
	volume = {362},
	year = {2003}
}
@article{Menzies2018,
	annote = {Teagle, Damon/0000-0002-4416-8409; Menzies, Catriona/0000-0003-3268-0007; James, Rachael/0000-0001-7402-2315
	1385-013x},
	author = {Menzies, Catriona D and Wright, Sarah L and Craw, Dave and James, Rachael H and Alt, Jeffrey C and Cox, Simon C and Pitcairn, Lain K and Teagle, Damon A H},
	doi = {10.1016/j.epsl.2017.10.010},
	isbn = {0012-821X},
	journal = {EARTH AND PLANETARY SCIENCE LETTERS},
	mendeley-groups = {tmp},
	pages = {305--315},
	title = {{Carbon dioxide generation and drawdown during active orogenesis of siliciclastic rocks in the Southern Alps, New Zealand}},
	volume = {481},
	year = {2018}
}
@article{Moultos2016,
	annote = {Moultos, Othonas/S-1176-2018; Economou, Ioannis/I-4916-2014; Panagiotopoulos, Athanassios Z/K-2955-2014; Moultos, Othon/AAZ-5158-2020
	Moultos, Othonas/0000-0001-7477-9684; Economou, Ioannis/0000-0002-2409-6831; Panagiotopoulos, Athanassios Z/0000-0002-8152-6615;
	1096-3626},
	author = {Moultos, Othonas A and Tsimpanogiannis, Ioannis N and Panagiotopoulos, Athanassios Z and Economou, Ioannis G},
	doi = {10.1016/j.jct.2015.04.007},
	isbn = {0021-9614},
	journal = {Journal of Chemical Thermodynamics},
	mendeley-groups = {tmp},
	pages = {424--429},
	title = {{Self-diffusion coefficients of the binary (H2O + CO2) mixture at high temperatures and pressures}},
	volume = {93},
	year = {2016}
}
@article{Mueller2008,
	annote = {Muller, Dietmar/L-1200-2019; Gaina, Carmen/I-5213-2015; Seton, Maria/H-8272-2013; Roest, Walter/
	Muller, Dietmar/0000-0002-3334-5764; Gaina, Carmen/0000-0001-5533-8103; Seton, Maria/0000-0001-8541-1367; Roest, Walter/0000-0002-1071-8732
	1525-2027},
	author = {Mueller, R Dietmar and Sdrolias, Maria and Gaina, Carmen and Roest, Walter R},
	doi = {10.1029/2007gc001743},
	journal = {GEOCHEMISTRY GEOPHYSICS GEOSYSTEMS},
	mendeley-groups = {tmp},
	title = {{Age, spreading rates, and spreading asymmetry of the world's ocean crust}},
	volume = {9},
	year = {2008}
}
@article{Oliver2000,
	annote = {1943-2682},
	author = {Oliver, G J H and Chen, F and Buchwaldt, R and Hegner, E},
	doi = {10.1130/0091-7613(2000)28<459:Ftaeit>2.0.Co;2},
	isbn = {0091-7613},
	journal = {Geology},
	mendeley-groups = {tmp},
	number = {5},
	pages = {459--462},
	title = {{Fast tectonometamorphism and exhumation in the type area of the Barrovian and Buchan zones}},
	volume = {28},
	year = {2000}
}
@article{Padron-Navarta2013,
	annote = {/AAK-5609-2020; Gomez-Pugnaire, Maria Teresa/C-8890-2015; Padron-Navarta, Jose Alberto/L-8363-2019; Padron-Navarta, Jose Alberto/D-5400-2009; connolly, james a d/A-7931-2013; Hermann, Joerg/N-3119-2019; SANCHEZ-VIZCAINO, VICENTE LOPEZ/A-1974-2010; Garrido, Carlos J./A-6249-2008; Marchesi, Claudio/A-6592-2011; Hermann, Joerg/H-1802-2011
	/0000-0003-1005-0012; Gomez-Pugnaire, Maria Teresa/0000-0003-4730-9139; Padron-Navarta, Jose Alberto/0000-0003-1005-0012; connolly, james a d/0000-0001-5060-4281; Hermann, Joerg/0000-0001-8360-3592; SANCHEZ-VIZCAINO, VICENTE LOPEZ/0000-0003-0762-3692; Garrido, Carlos J./0000-0003-4357-3637; Marchesi, Claudio/0000-0001-7313-5692; Hermann, Joerg/0000-0001-8360-3592
	1872-6143},
	author = {Padron-Navarta, Jose Alberto and {Lopez Sanchez-Vizcaino}, Vicente and Hermann, Joerg and Connolly, James A D and Garrido, Carlos J and {Teresa Gomez-Pugnaire}, Maria and Marchesi, Claudio},
	doi = {10.1016/j.lithos.2013.02.001},
	isbn = {0024-4937},
	journal = {Lithos},
	mendeley-groups = {tmp},
	pages = {186--196},
	title = {{Tschermak's substitution in antigorite and consequences for phase relations and water liberation in high-grade serpentinites}},
	volume = {178},
	year = {2013}
}
@article{Peng2010,
	annote = {1752-0908},
	author = {Peng, Zhigang and Gomberg, Joan},
	doi = {10.1038/ngeo940},
	isbn = {1752-0894},
	journal = {Nature Geoscience},
	mendeley-groups = {tmp},
	number = {9},
	pages = {599--607},
	title = {{An integrated perspective of the continuum between earthquakes and slow-slip phenomena}},
	volume = {3},
	year = {2010}
}
@article{Plumper2017,
	annote = {Malthe-Sorenssen, Anders/C-2015-2015; Liu, Yang/; Plumper, Oliver/
	Malthe-Sorenssen, Anders/0000-0001-8138-3995; Liu, Yang/0000-0002-0750-7571; Plumper, Oliver/0000-0001-9726-0885
	1752-0908},
	author = {Plumper, Oliver and Botan, Alexandru and Los, Catharina and Liu, Yang and Malthe-Sorenssen, Anders and Jamtveit, Bjorn},
	doi = {10.1038/ngeo3009},
	isbn = {1752-0894},
	journal = {Nature Geoscience},
	mendeley-groups = {tmp},
	number = {9},
	pages = {685--+},
	title = {{Fluid-driven metamorphism of the continental crust governed by nanoscale fluid flow}},
	volume = {10},
	year = {2017}
}
@article{Plumper2017a,
	annote = {Podladchikov, Yury Y/J-3907-2013; John, Timm/; Plumper, Oliver/
	Podladchikov, Yury Y/0000-0002-6369-7277; John, Timm/0000-0003-0686-5585; Plumper, Oliver/0000-0001-9726-0885
	1752-0908},
	author = {Plumper, Oliver and John, Timm and Podladchikov, Yuri Y and Vrijmoed, Johannes C and Scambelluri, Marco},
	doi = {10.1038/ngeo2865},
	isbn = {1752-0894},
	journal = {Nature Geoscience},
	mendeley-groups = {tmp},
	number = {2},
	pages = {150--+},
	title = {{Fluid escape from subduction zones controlled by channel-forming reactive porosity}},
	volume = {10},
	year = {2017}
}
@article{Ranalli1987,
	author = {Ranalli, G and Murphy, D C},
	doi = {10.1016/0040-1951(87)90348-9},
	isbn = {0040-1951},
	journal = {Tectonophysics},
	mendeley-groups = {tmp},
	number = {4},
	pages = {281--295},
	title = {{RHEOLOGICAL STRATIFICATION OF THE LITHOSPHERE}},
	volume = {132},
	year = {1987}
}
@article{Shelly2007,
	annote = {IDE, SATOSHI/G-4887-2014; Shelly, David/
	IDE, SATOSHI/0000-0003-0063-548X; Shelly, David/0000-0003-2783-5158},
	author = {Shelly, David R and Beroza, Gregory C and Ide, Satoshi},
	doi = {10.1038/nature05666},
	isbn = {0028-0836},
	journal = {Nature},
	mendeley-groups = {tmp},
	number = {7133},
	pages = {305--307},
	title = {{Non-volcanic tremor and low-frequency earthquake swarms}},
	volume = {446},
	year = {2007}
}
@article{Sieber2018,
	annote = {Hermann, Joerg/N-3119-2019; Hermann, Joerg/H-1802-2011; Sieber, Melanie Jutta/; Yaxley, Greg/A-1167-2008
	Hermann, Joerg/0000-0001-8360-3592; Hermann, Joerg/0000-0001-8360-3592; Sieber, Melanie Jutta/0000-0001-6166-0094; Yaxley, Greg/0000-0003-0445-8812
	1385-013x},
	author = {Sieber, M J and Hermann, J and Yaxley, G M},
	doi = {10.1016/j.epsl.2018.05.027},
	isbn = {0012-821X},
	journal = {EARTH AND PLANETARY SCIENCE LETTERS},
	mendeley-groups = {tmp},
	pages = {178--188},
	title = {{An experimental investigation of C-O-H fluid-driven carbonation of serpentinites under forearc conditions}},
	volume = {496},
	year = {2018}
}
@article{Skelton2011,
	annote = {Skelton, Alasdair/0000-0002-3732-7993
	1943-2682},
	author = {Skelton, Alasdair},
	doi = {10.1130/g31328.1},
	isbn = {0091-7613},
	journal = {Geology},
	mendeley-groups = {tmp},
	number = {1},
	pages = {43--46},
	title = {{Flux rates for water and carbon during greenschist facies metamorphism}},
	volume = {39},
	year = {2011}
}
@article{Stern2002,
	annote = {Stern, Robert/N-8344-2019
	Stern, Robert/0000-0002-8083-4632
	1944-9208},
	author = {Stern, R J},
	doi = {10.1029/2001rg000108},
	isbn = {8755-1209},
	journal = {Reviews of Geophysics},
	mendeley-groups = {tmp},
	number = {4},
	title = {{Subduction zones}},
	volume = {40},
	year = {2002}
}
@article{Taetz2018,
	annote = {John, Timm/0000-0003-0686-5585; Brocker, Michael/0000-0002-8910-0029; Stracke, Andreas/0000-0002-9719-4213
	1385-013x},
	author = {Taetz, Stephan and John, Timm and Broecker, Michael and Spandler, Carl and Stracke, Andreas},
	doi = {10.1016/j.epsl.2017.10.044},
	isbn = {0012-821X},
	journal = {EARTH AND PLANETARY SCIENCE LETTERS},
	mendeley-groups = {tmp},
	pages = {33--43},
	title = {{Fast intraslab fluid-flow events linked to pulses of high pore fluid pressure at the subducted plate interface}},
	volume = {482},
	year = {2018}
}
@article{Toft1990,
	annote = {1872-7395},
	author = {Toft, P B and Arkanihamed, J and Haggerty, S E},
	doi = {10.1016/0031-9201(90)90082-9},
	isbn = {0031-9201},
	journal = {Physics of the Earth and Planetary Interiors},
	mendeley-groups = {tmp},
	number = {1-2},
	pages = {137--157},
	title = {{THE EFFECTS OF SERPENTINIZATION ON DENSITY AND MAGNETIC-SUSCEPTIBILITY - A PETROPHYSICAL MODEL}},
	volume = {65},
	year = {1990}
}
@article{Tominaga2017,
	annote = {Harigane, Yumiko/L-4382-2018; Tivey, Maurice/E-9247-2015; Beinlich, Andreas/
	Harigane, Yumiko/0000-0002-8133-0700; Tivey, Maurice/0000-0003-0821-1155; Beinlich, Andreas/0000-0003-0987-0558},
	author = {Tominaga, Masako and Beinlich, Andreas and Lima, Eduardo A and Tivey, Maurice A and Hampton, Brian A and Weiss, Benjamin and Harigane, Yumiko},
	doi = {10.1038/s41467-017-01610-4},
	isbn = {2041-1723},
	journal = {Nature communications},
	mendeley-groups = {tmp},
	title = {{Multi-scale magnetic mapping of serpentinite carbonation}},
	volume = {8},
	year = {2017}
}
@article{Viete2013,
	annote = {Forster, Marnie/0000-0002-1240-4374; Lister, Gordon/0000-0001-6265-602X; Viete, Daniel/0000-0001-5495-9370
	1872-6143},
	author = {Viete, Daniel R and Oliver, Grahame J H and Fraser, Geoff L and Forster, Mamie A and Lister, Gordon S},
	doi = {10.1016/j.lithos.2013.06.009},
	isbn = {0024-4937},
	journal = {Lithos},
	mendeley-groups = {tmp},
	pages = {148--163},
	title = {{Timing and heat sources for the Barrovian metamorphism, Scotland}},
	volume = {177},
	year = {2013}
}
@article{Vrijmoed2015,
	annote = {Podladchikov, Yury Y/J-3907-2013
	Podladchikov, Yury Y/0000-0002-6369-7277
	1432-0967},
	author = {Vrijmoed, J C and Podladchikov, Y Y},
	doi = {10.1007/s00410-015-1156-1},
	isbn = {0010-7999},
	journal = {Contributions to Mineralogy and Petrology},
	mendeley-groups = {tmp},
	number = {1},
	title = {{Thermodynamic equilibrium at heterogeneous pressure}},
	volume = {170},
	year = {2015}
}
@article{White2003,
	annote = {11th Annual V M Goldschmidt Conference
	May 20-24, 2001
	Hot springs, va
	1872-6836},
	author = {White, A F and Brantley, S L},
	doi = {10.1016/j.chemgeo.2003.03.001},
	isbn = {0009-2541},
	journal = {Chemical geology},
	mendeley-groups = {tmp},
	number = {3-4},
	pages = {479--506},
	title = {{The effect of time on the weathering of silicate minerals: why do weathering rates differ in the laboratory and field?}},
	volume = {202},
	year = {2003}
}
@article{Whitney1999,
	annote = {Whitney, Donna/AAB-8332-2019
	Whitney, Donna/0000-0002-8296-4692},
	author = {Whitney, D L and Miller, R B and Paterson, S R},
	isbn = {0263-4929},
	journal = {Journal of Metamorphic Geology},
	mendeley-groups = {tmp},
	number = {1},
	pages = {75--90},
	title = {{P-T-t evidence for mechanisms of vertical tectonic motion in a contractional orogen: north-western US and Canadian Cordillera}},
	volume = {17},
	year = {1999}
}
